<record><leader>00000cas a22000007a 4500</leader><controlfield tag="001">15214806</controlfield><controlfield tag="008">870219c19709999pauwr ne      0   a0eng d</controlfield><datafield ind1=" " ind2=" " tag="010"><subfield code="a">sn 87079978 </subfield></datafield><datafield ind1=" " ind2=" " tag="040"><subfield code="a">NPH</subfield><subfield code="b">eng</subfield><subfield code="c">NPH</subfield><subfield code="d">NSD</subfield><subfield code="d">DLC</subfield><subfield code="d">OCLCQ</subfield><subfield code="d">AU@</subfield><subfield code="d">OCLCO</subfield><subfield code="d">OCLCF</subfield><subfield code="d">COO</subfield></datafield><datafield ind1=" " ind2=" " tag="012"><subfield code="m">1</subfield></datafield><datafield ind1=" " ind2=" " tag="019"><subfield code="a">881803045</subfield></datafield><datafield ind1="1" ind2=" " tag="022"><subfield code="a">1055-9590</subfield><subfield code="l">1055-9590</subfield><subfield code="2">1</subfield></datafield><datafield ind1="1" ind2=" " tag="029"><subfield code="a">AU@</subfield><subfield code="b">000051671233</subfield></datafield><datafield ind1="1" ind2=" " tag="029"><subfield code="a">AU@</subfield><subfield code="b">000045313636</subfield></datafield><datafield ind1=" " ind2=" " tag="032"><subfield code="a">900600</subfield><subfield code="b">USPS</subfield></datafield><datafield ind1=" " ind2=" " tag="037"><subfield code="b">The Triboro Banner, 105 S. Main St., Taylor, PA 18517</subfield></datafield><datafield ind1=" " ind2=" " tag="042"><subfield code="a">msc</subfield><subfield code="a">nsdp</subfield></datafield><datafield ind1=" " ind2="4" tag="222"><subfield code="a">The Triboro banner</subfield></datafield><datafield ind1="0" ind2="0" tag="245"><subfield code="a">Triboro banner.</subfield></datafield><datafield ind1=" " ind2=" " tag="260"><subfield code="a">Old Forge, Pa. :</subfield><subfield code="b">John Allen,</subfield></datafield><datafield ind1=" " ind2=" " tag="300"><subfield code="a">v. :</subfield><subfield code="b">ill. ;</subfield><subfield code="c">41-58 cm.</subfield></datafield><datafield ind1=" " ind2=" " tag="310"><subfield code="a">Weekly</subfield></datafield><datafield ind1="0" ind2=" " tag="362"><subfield code="a">Vol. 1, no. 1 (Aug. 13, 1970)-</subfield></datafield><datafield ind1=" " ind2=" " tag="500"><subfield code="a">"Serving Old Forge, Taylor, Moosic, and surrounding communities."</subfield></datafield><datafield ind1=" " ind2=" " tag="500"><subfield code="a">Published in Taylor, Pa., Feb. 1, 1986-</subfield></datafield><datafield ind1=" " ind2=" " tag="500"><subfield code="a">Publishers: John Allen, Aug. 13, 1970-&lt;1980&gt;, Ruth E. Holder, &lt;1981&gt;-</subfield></datafield><datafield ind1=" " ind2="0" tag="655"><subfield code="a">Electronic journals</subfield></datafield><datafield ind1=" " ind2="7" tag="655"><subfield code="a">Periodicals.</subfield><subfield code="2">fast</subfield><subfield code="0">(OCoLC)fst01411641</subfield></datafield><datafield ind1=" " ind2=" " tag="752"><subfield code="a">United States</subfield><subfield code="b">Pennsylvania</subfield><subfield code="c">Lackawanna</subfield><subfield code="d">Taylor.</subfield></datafield><datafield ind1=" " ind2=" " tag="752"><subfield code="a">United States</subfield><subfield code="b">Pennsylvania</subfield><subfield code="c">Lackawanna</subfield><subfield code="d">Old Forge.</subfield></datafield><datafield ind1=" " ind2=" " tag="752"><subfield code="a">United States</subfield><subfield code="b">Pennsylvania</subfield><subfield code="c">Lackawanna</subfield><subfield code="d">Moosic.</subfield></datafield><datafield ind1=" " ind2=" " tag="936"><subfield code="a">Vol. 21, no. 30 (Feb. 28, 1991) LIC</subfield></datafield></record>